<!-- ------------ Part 1 ------------ -->

@book{almgren2005direct,
  author    = {Robert Almgren and Neil Chriss},
  title     = {Optimal Execution of Portfolio Transactions},
  publisher = {Journal of Risk},
  year      = {2005}
}

@book{hull2018options,
  author    = {John C. Hull},
  title     = {Options, Futures, and Other Derivatives},
  edition   = {10},
  publisher = {Pearson},
  year      = {2018}
}




<!-- ------------ Part 2 ------------ -->
@article{carr2003can,
  author  = {Carr, Peter and Madan, Dilip},
  title   = {Can the Variance Swap Be Replicated?},
  journal = {Risk},
  year    = {1998},
  pages   = {131--135}
}

@book{wilmott2006pa,
  author    = {Paul Wilmott},
  title     = {Paul Wilmott on Quantitative Finance},
  edition   = {2},
  publisher = {John Wiley \& Sons},
  year      = {2006}
}




<!-- ------------ Part 3 ------------ -->
@article{heston1993closed,
  author  = {Heston, Steven},
  title   = {A Closed‐Form Solution for Options with Stochastic Volatility},
  journal = {Review of Financial Studies},
  year    = {1993},
  volume  = {6},
  number  = {2},
  pages   = {327--343}
}

@article{gatheral2011vol,
  author  = {Gatheral, Jim and Jacquier, Antoine},
  title   = {Convergence of Heston to SVI},
  journal = {Quantitative Finance},
  year    = {2011},
  volume  = {11},
  pages   = {1129--1132}
}

@article{piterbarg2012bsde,
  author  = {Piterbarg, Vladimir},
  title   = {BSDEs, PDEs and FVA},
  journal = {Risk},
  year    = {2012},
  pages   = {97--102}
}




<!-- ------------ Part 4 ------------ -->
@article{jegadeesh1993returns,
  author  = {Jegadeesh, Narasimhan and Titman, Sheridan},
  title   = {Returns to Buying Winners and Selling Losers: Implications for Stock Market Efficiency},
  journal = {Journal of Finance},
  year    = {1993},
  volume  = {48},
  number  = {1},
  pages   = {65--91}
}

@article{avellaneda2008high,
  author  = {Avellaneda, Marco and Stoikov, Sasha},
  title   = {High‐Frequency Trading in a Limit Order Book},
  journal = {Quantitative Finance},
  year    = {2008},
  volume  = {8},
  number  = {3},
  pages   = {217--224}
}

@book{kahneman2011thinking,
  author    = {Kahneman, Daniel},
  title     = {Thinking, Fast and Slow},
  publisher = {Farrar, Straus and Giroux},
  year      = {2011}
}




<!-- ------------ Part 5 ------------ -->
@article{almgren2001optimal,
  author  = {Almgren, Robert and Chriss, Neil},
  title   = {Optimal Execution of Portfolio Transactions},
  journal = {Journal of Risk},
  year    = {2001},
  pages   = {5--39}
}

@book{gouvrion2023ml,
  author    = {Gourovitch, Anna and Lopez de Prado, Marcos},
  title     = {Machine Learning for Capital Markets},
  publisher = {O'Reilly},
  year      = {2023}
}

@article{morrison2022data,
  author  = {Morrison, Kevin},
  title   = {Data Version Control in Quantitative Research},
  journal = {Journal of Trading},
  year    = {2022},
  volume  = {17},
  number  = {1},
  pages   = {45--56}
}




<!-- ------------ Part 6 ------------ -->
@misc{esma_mifid2,
  author       = {{ESMA}},
  title        = {Markets in Financial Instruments Directive (MiFID II) — RTS 27/28},
  year         = {2018},
  howpublished = {Technical standards}
}

@misc{basel_frbt_2023,
  author  = {Basel Committee on Banking Supervision},
  title   = {Minimum Capital Requirements for Market Risk (FRTB)},
  year    = {2023},
  note    = {Basel III final text}
}

@article{dobrautz2022cloud,
  author  = {Dobrautz, Harald},
  title   = {Navigating Cloud Outsourcing Risk under EU DORA},
  journal = {Journal of Financial Regulation},
  year    = {2022},
  volume  = {8},
  number  = {4},
  pages   = {511--530}
}

@book{crawford2021atlas,
  author    = {Crawford, Kate},
  title     = {Atlas of AI},
  publisher = {Yale University Press},
  year      = {2021}
}
